@article{hayt,
  author = {Hayt, W. H. Jr., Buck, J. A.},
  year = {2006},
  title = {Teoría Electromagnética},
  publisher = {MacGraw-Hill},
  address = {México},
  edition = {3}
}

@article{rodolfo,
  author = {Neri Vela, Rodolfo},
  year = {1999},
  title = {Lineas de Transmisión},
  publisher = {MacGraw-Hill},
  address = {México},
  edition = {1}
}